%YAML 1.1
%TAG !u! tag:unity3d.com,2011:
--- !u!1 &905017573320232130
GameObject:
  m_ObjectHideFlags: 0
  m_CorrespondingSourceObject: {fileID: 0}
  m_PrefabInstance: {fileID: 0}
  m_PrefabAsset: {fileID: 0}
  serializedVersion: 6
  m_Component:
  - component: {fileID: 905017573320232128}
  - component: {fileID: 905017573320232129}
  m_Layer: 0
  m_Name: ParallaxCamera (0.8)
  m_TagString: Untagged
  m_Icon: {fileID: 0}
  m_NavMeshLayer: 0
  m_StaticEditorFlags: 0
  m_IsActive: 1
--- !u!4 &905017573320232128
Transform:
  m_ObjectHideFlags: 0
  m_CorrespondingSourceObject: {fileID: 0}
  m_PrefabInstance: {fileID: 0}
  m_PrefabAsset: {fileID: 0}
  m_GameObject: {fileID: 905017573320232130}
  m_LocalRotation: {x: -0, y: -0, z: -0, w: 1}
  m_LocalPosition: {x: 0, y: 0, z: 0}
  m_LocalScale: {x: 1, y: 1, z: 1}
  m_Children: []
  m_Father: {fileID: 905017574203233143}
  m_RootOrder: 0
  m_LocalEulerAnglesHint: {x: 0, y: 0, z: 0}
--- !u!20 &905017573320232129
Camera:
  m_ObjectHideFlags: 0
  m_CorrespondingSourceObject: {fileID: 0}
  m_PrefabInstance: {fileID: 0}
  m_PrefabAsset: {fileID: 0}
  m_GameObject: {fileID: 905017573320232130}
  m_Enabled: 1
  serializedVersion: 2
  m_ClearFlags: 2
  m_BackGroundColor: {r: 0.24528301, g: 0.24528301, b: 0.24528301, a: 0}
  m_projectionMatrixMode: 1
  m_GateFitMode: 2
  m_FOVAxisMode: 0
  m_SensorSize: {x: 36, y: 24}
  m_LensShift: {x: 0, y: 0}
  m_FocalLength: 50
  m_NormalizedViewPortRect:
    serializedVersion: 2
    x: 0
    y: 0
    width: 1
    height: 1
  near clip plane: 0.3
  far clip plane: 1000
  field of view: 60
  orthographic: 1
  orthographic size: 6
  m_Depth: -3
  m_CullingMask:
    serializedVersion: 2
    m_Bits: 1024
  m_RenderingPath: -1
  m_TargetTexture: {fileID: 0}
  m_TargetDisplay: 0
  m_TargetEye: 0
  m_HDR: 1
  m_AllowMSAA: 0
  m_AllowDynamicResolution: 0
  m_ForceIntoRT: 0
  m_OcclusionCulling: 1
  m_StereoConvergence: 10
  m_StereoSeparation: 0.022
--- !u!1 &905017574203233163
GameObject:
  m_ObjectHideFlags: 0
  m_CorrespondingSourceObject: {fileID: 0}
  m_PrefabInstance: {fileID: 0}
  m_PrefabAsset: {fileID: 0}
  serializedVersion: 6
  m_Component:
  - component: {fileID: 905017574203233143}
  - component: {fileID: 905017574203233160}
  - component: {fileID: 905017574203233162}
  - component: {fileID: 905017574203233161}
  - component: {fileID: 905017574203233142}
  - component: {fileID: 1784261459}
  - component: {fileID: 1784261460}
  - component: {fileID: 1784261461}
  m_Layer: 0
  m_Name: Main Camera
  m_TagString: MainCamera
  m_Icon: {fileID: 0}
  m_NavMeshLayer: 0
  m_StaticEditorFlags: 0
  m_IsActive: 1
--- !u!4 &905017574203233143
Transform:
  m_ObjectHideFlags: 0
  m_CorrespondingSourceObject: {fileID: 0}
  m_PrefabInstance: {fileID: 0}
  m_PrefabAsset: {fileID: 0}
  m_GameObject: {fileID: 905017574203233163}
  m_LocalRotation: {x: 0, y: 0, z: 0, w: 1}
  m_LocalPosition: {x: 0, y: 0, z: -10}
  m_LocalScale: {x: 1, y: 1, z: 1}
  m_Children:
  - {fileID: 905017573320232128}
  m_Father: {fileID: 0}
  m_RootOrder: 0
  m_LocalEulerAnglesHint: {x: 0, y: 0, z: 0}
--- !u!20 &905017574203233160
Camera:
  m_ObjectHideFlags: 0
  m_CorrespondingSourceObject: {fileID: 0}
  m_PrefabInstance: {fileID: 0}
  m_PrefabAsset: {fileID: 0}
  m_GameObject: {fileID: 905017574203233163}
  m_Enabled: 1
  serializedVersion: 2
  m_ClearFlags: 3
  m_BackGroundColor: {r: 0.24528301, g: 0.24528301, b: 0.24528301, a: 0}
  m_projectionMatrixMode: 1
  m_GateFitMode: 2
  m_FOVAxisMode: 0
  m_SensorSize: {x: 36, y: 24}
  m_LensShift: {x: 0, y: 0}
  m_FocalLength: 50
  m_NormalizedViewPortRect:
    serializedVersion: 2
    x: 0
    y: 0
    width: 1
    height: 1
  near clip plane: 0.3
  far clip plane: 1000
  field of view: 60
  orthographic: 1
  orthographic size: 6
  m_Depth: -1
  m_CullingMask:
    serializedVersion: 2
    m_Bits: 6913
  m_RenderingPath: -1
  m_TargetTexture: {fileID: 0}
  m_TargetDisplay: 0
  m_TargetEye: 0
  m_HDR: 1
  m_AllowMSAA: 0
  m_AllowDynamicResolution: 0
  m_ForceIntoRT: 0
  m_OcclusionCulling: 1
  m_StereoConvergence: 10
  m_StereoSeparation: 0.022
--- !u!81 &905017574203233162
AudioListener:
  m_ObjectHideFlags: 0
  m_CorrespondingSourceObject: {fileID: 0}
  m_PrefabInstance: {fileID: 0}
  m_PrefabAsset: {fileID: 0}
  m_GameObject: {fileID: 905017574203233163}
  m_Enabled: 1
--- !u!114 &905017574203233161
MonoBehaviour:
  m_ObjectHideFlags: 0
  m_CorrespondingSourceObject: {fileID: 0}
  m_PrefabInstance: {fileID: 0}
  m_PrefabAsset: {fileID: 0}
  m_GameObject: {fileID: 905017574203233163}
  m_Enabled: 1
  m_EditorHideFlags: 0
  m_Script: {fileID: 11500000, guid: 8b8c96e2cdc154e848a3d9fe62464d42, type: 3}
  m_Name: 
  m_EditorClassIdentifier: 
  CameraTargets: []
  CenterTargetOnStart: 1
  Axis: 0
  UpdateType: 2
  FollowHorizontal: 1
  HorizontalFollowSmoothness: 0.12
  FollowVertical: 1
  VerticalFollowSmoothness: 0.15
  OffsetX: 0
  OffsetY: 0
  IsRelativeOffset: 1
  ZoomWithFOV: 0
  IgnoreTimeScale: 0
  CurrentZoomTriggerID: 0
  IsCameraPositionLeftBounded: 0
  IsCameraPositionRightBounded: 0
  IsCameraPositionTopBounded: 0
  IsCameraPositionBottomBounded: 0
  GameCamera: {fileID: 905017574203233160}
--- !u!114 &905017574203233142
MonoBehaviour:
  m_ObjectHideFlags: 0
  m_CorrespondingSourceObject: {fileID: 0}
  m_PrefabInstance: {fileID: 0}
  m_PrefabAsset: {fileID: 0}
  m_GameObject: {fileID: 905017574203233163}
  m_Enabled: 1
  m_EditorHideFlags: 0
  m_Script: {fileID: 11500000, guid: 2744f1f739b1144e291cf00c8531e49c, type: 3}
  m_Name: 
  m_EditorClassIdentifier: 
  _pc2D: {fileID: 905017574203233161}
  ParallaxLayers:
  - ParallaxCamera: {fileID: 905017573320232129}
    Speed: 0.8
    SpeedX: 1
    SpeedY: 1
    LayerMask:
      serializedVersion: 2
      m_Bits: 1024
  ParallaxHorizontal: 1
  ParallaxVertical: 0
  ParallaxZoom: 1
  RootPosition: {x: 0, y: 0, z: 0}
  FrontDepthStart: 1
  BackDepthStart: -2
  UseIndependentAxisSpeeds: 0
  AutomaticallyConfigureCameraClearFlags: 1
--- !u!114 &1784261459
MonoBehaviour:
  m_ObjectHideFlags: 0
  m_CorrespondingSourceObject: {fileID: 0}
  m_PrefabInstance: {fileID: 0}
  m_PrefabAsset: {fileID: 0}
  m_GameObject: {fileID: 905017574203233163}
  m_Enabled: 1
  m_EditorHideFlags: 0
  m_Script: {fileID: 11500000, guid: c17020d0b9b514c5ea3b8251d0c4ee6a, type: 3}
  m_Name: 
  m_EditorClassIdentifier: 
  _pc2D: {fileID: 905017574203233161}
  Progressive: 1
  SpeedMultiplier: 1
  TransitionSmoothness: 0.5
  MaintainInfluenceOnStop: 1
  MovementThreshold: {x: 0, y: 0}
  LeftFocus: 0.15
  RightFocus: 0.15
  TopFocus: 0.001
  BottomFocus: 0.001
--- !u!114 &1784261460
MonoBehaviour:
  m_ObjectHideFlags: 0
  m_CorrespondingSourceObject: {fileID: 0}
  m_PrefabInstance: {fileID: 0}
  m_PrefabAsset: {fileID: 0}
  m_GameObject: {fileID: 905017574203233163}
  m_Enabled: 1
  m_EditorHideFlags: 0
  m_Script: {fileID: 11500000, guid: 37203e96e63794cd38c73c6c90eae460, type: 3}
  m_Name: 
  m_EditorClassIdentifier: 
  _pc2D: {fileID: 905017574203233161}
  UseTargetsPosition: 1
  LimitTopCameraDistance: 1
  MaxTopTargetDistance: 0.8
  LimitBottomCameraDistance: 1
  MaxBottomTargetDistance: 0.8
  LimitLeftCameraDistance: 1
  MaxLeftTargetDistance: 0.8
  LimitRightCameraDistance: 1
  MaxRightTargetDistance: 0.8
--- !u!114 &1784261461
MonoBehaviour:
  m_ObjectHideFlags: 0
  m_CorrespondingSourceObject: {fileID: 0}
  m_PrefabInstance: {fileID: 0}
  m_PrefabAsset: {fileID: 0}
  m_GameObject: {fileID: 905017574203233163}
  m_Enabled: 1
  m_EditorHideFlags: 0
  m_Script: {fileID: 11500000, guid: 9ac0ec3d6ad5f4a3d9d184bc3773a3a7, type: 3}
  m_Name: 
  m_EditorClassIdentifier: 
  _pc2D: {fileID: 905017574203233161}
  ShakePresets: []
  ConstantShakePresets: []
  StartConstantShakePreset: {fileID: 0}
  CurrentConstantShakePreset: {fileID: 0}
